@article{Louppe:2016aov,
    author = "Louppe, Gilles and Cranmer, Kyle and Pavez, Juan",
    title = "{carl: a likelihood-free inference toolbox}",
    doi = "10.21105/joss.00011",
    journal = "J. Open Source Softw.",
    volume = "1",
    number = "1",
    pages = "11",
    year = "2016"
}

@inproceedings{kristiadi2022frequentist,
  title={Being a Bit Frequentist Improves {B}ayesian Neural Networks},
  author={Kristiadi, Agustinus and Hein, Matthias and Hennig, Philipp},
  booktitle={AISTATS},
  year={2022}
}


@ARTICLE{Bala,

  author={Balasubramanian, Vijay},

  journal={Neural Computation}, 

  title={\protect{Statistical Inference, Occam's Razor, and Statistical Mechanics on the Space of Probability Distributions}}, 

  year={1997},

  volume={9},

  number={2},

  pages={349-368},

  doi={10.1162/neco.1997.9.2.349}}



@article{ABDAR2021243,
title = {A review of uncertainty quantification in deep learning: Techniques, applications and challenges},
journal = {Information Fusion},
volume = {76},
pages = {243-297},
year = {2021},
issn = {1566-2535},
doi = {https://doi.org/10.1016/j.inffus.2021.05.008},
url = {https://www.sciencedirect.com/science/article/pii/S1566253521001081},
author = {Moloud Abdar and Farhad Pourpanah and Sadiq Hussain and Dana Rezazadegan and Li Liu and Mohammad Ghavamzadeh and Paul Fieguth and Xiaochun Cao and Abbas Khosravi and U. Rajendra Acharya and Vladimir Makarenkov and Saeid Nahavandi}
}

@misc{MCDropout,
  doi = {10.48550/ARXIV.1506.02142},
  
  url = {https://arxiv.org/abs/1506.02142},
  
  author = {Gal, Yarin and Ghahramani, Zoubin},
  
  keywords = {Machine Learning (stat.ML), Machine Learning (cs.LG), FOS: Computer and information sciences, FOS: Computer and information sciences},
  
  title = {Dropout as a Bayesian Approximation: Representing Model Uncertainty in Deep Learning},
  
  publisher = {arXiv},
  
  year = {2015},
  
  copyright = {arXiv.org perpetual, non-exclusive license}
}


@misc{Lee2021,
  doi = {10.48550/ARXIV.2107.03920},
  
  url = {https://arxiv.org/abs/2107.03920},
  
  author = {Dalmasso, Niccol√≤ and Masserano, Luca and Zhao, David and Izbicki, Rafael and Lee, Ann B.},
  
  keywords = {Machine Learning (stat.ML), Machine Learning (cs.LG), FOS: Computer and information sciences, FOS: Computer and information sciences},
  
  title = {Likelihood-Free Frequentist Inference: Confidence Sets with Correct Conditional Coverage},
  
  publisher = {arXiv},
  
  year = {2021},
  
  copyright = {Creative Commons Attribution 4.0 International}
}


@article{Cranmer:2019eaq,
    author = "Cranmer, Kyle and Brehmer, Johann and Louppe, Gilles",
    title = "{The frontier of simulation-based inference}",
    eprint = "1911.01429",
    archivePrefix = "arXiv",
    primaryClass = "stat.ML",
    doi = "10.1073/pnas.1912789117",
    journal = "Proc. Nat. Acad. Sci.",
    volume = "117",
    number = "48",
    pages = "30055--30062",
    year = "2020"
}

@article{Wang:2018heo,
      author         = "Wang, Bo-Ting and Hobbs, T. J. and Doyle, Sean and Gao,
                        Jun and Hou, Tie-Jiun and Nadolsky, Pavel M. and Olness,
                        Fredrick I.",
      title          = "{Mapping the sensitivity of hadronic experiments to
                        nucleon structure}",
      journal        = "Phys. Rev.",
      volume         = "D98",
      year           = "2018",
      number         = "9",
      pages          = "094030",
      doi            = "10.1103/PhysRevD.98.094030",
      eprint         = "1803.02777",
      archivePrefix  = "arXiv",
      primaryClass   = "hep-ph",
      reportNumber   = "SMU-HEP-18-04",
      SLACcitation   = "%%CITATION = ARXIV:1803.02777;%%"
}


%Universal approximation theorems
@article{cybenko_approximation_1989,
	title = {Approximation by superpositions of a sigmoidal function},
	volume = {2},
	issn = {1435-568X},
	url = {https://doi.org/10.1007/BF02551274},
	doi = {10.1007/BF02551274},
	number = {4},
	journal = {Mathematics of Control, Signals and Systems},
	author = {Cybenko, G.},
	month = dec,
	year = {1989},
	pages = {303}
}

@article{hornik_approximation_1991,
	title = {Approximation capabilities of multilayer feedforward networks},
	volume = {4},
	issn = {0893-6080},
	url = {http://www.sciencedirect.com/science/article/pii/089360809190009T},
	doi = {https://doi.org/10.1016/0893-6080(91)90009-T},
	number = {2},
	journal = {Neural Networks},
	author = {Hornik, Kurt},
	year = {1991},
	keywords = {() approximation, Activation function, Input environment measure, Multilayer feedforward networks, Smooth approximation, Sobolev spaces, Uniform approximation, Universal approximation capabilities},
	pages = {251}
}

@article{hornik_universal_1990,
	title = {Universal approximation of an unknown mapping and its derivatives using multilayer feedforward networks},
	volume = {3},
	issn = {0893-6080},
	url = {http://www.sciencedirect.com/science/article/pii/0893608090900056},
	doi = {https://doi.org/10.1016/0893-6080(90)90005-6},
	number = {5},
	journal = {Neural Networks},
	author = {Hornik, Kurt and Stinchcombe, Maxwell and White, Halbert},
	year = {1990},
	keywords = {Approximation, Derivatives, Feedforward networks, Sobolev space},
	pages = {551}
}


@article{Carrazza:2019mzf,
    author = "Carrazza, Stefano and Cruz-Martinez, Juan",
    title = "{Towards a new generation of parton densities with deep learning models}",
    eprint = "1907.05075",
    archivePrefix = "arXiv",
    primaryClass = "hep-ph",
    reportNumber = "TIF-UNIMI-2019-11",
    doi = "10.1140/epjc/s10052-019-7197-2",
    journal = "Eur. Phys. J. C",
    volume = "79",
    number = "8",
    pages = "676",
    year = "2019"
}

@article{Msaouel:2022a,
author = {Pavlos Msaouel},
title = {The Big Data Paradox in Clinical Practice},
journal = {Cancer Investigation},
volume = {40},
number = {7},
pages = {567-576},
year  = {2022},
publisher = {Taylor & Francis},
doi = {10.1080/07357907.2022.2084621},
URL = { 
        https://doi.org/10.1080/07357907.2022.2084621
}
}

@article{Puy:2022a,
author = {Arnald Puy  and Pierfrancesco Beneventano  and Simon A. Levin  and Samuele Lo Piano  and Tommaso Portaluri  and Andrea Saltelli },
title = {Models with higher effective dimensions tend to produce more uncertain estimates},
journal = {Science Advances},
volume = {8},
number = {42},
pages = {eabn9450},
year = {2022},
doi = {10.1126/sciadv.abn9450},
URL = {https://www.science.org/doi/abs/10.1126/sciadv.abn9450}
}

@article{Geman:1992a,
    author = {Geman, Stuart and Bienenstock, Elie and Doursat, Rene},
    title = "{Neural Networks and the Bias/Variance Dilemma}",
    journal = {Neural Computation},
    volume = {4},
    number = {1},
    pages = {1-58},
    year = {1992},
    abstract = "{Feedforward neural networks trained by error backpropagation are examples of nonparametric regression estimators. We present a tutorial on nonparametric inference and its relation to neural networks, and we use the statistical viewpoint to highlight strengths and weaknesses of neural models. We illustrate the main points with some recognition experiments involving artificial data as well as handwritten numerals. In way of conclusion, we suggest that current-generation feedforward neural networks are largely inadequate for difficult problems in machine perception and machine learning, regardless of parallel-versus-serial hardware or other implementation issues. Furthermore, we suggest that the fundamental challenges in neural modeling are about representation rather than learning per se. This last point is supported by additional experiments with handwritten numerals.}",
    issn = {0899-7667},
    doi = {10.1162/neco.1992.4.1.1},
    url = {https://doi.org/10.1162/neco.1992.4.1.1}
}


@article{Gao:2013bia,
    author = "Gao, Jun and Nadolsky, Pavel",
    title = "{A meta-analysis of parton distribution functions}",
    eprint = "1401.0013",
    archivePrefix = "arXiv",
    primaryClass = "hep-ph",
    doi = "10.1007/JHEP07(2014)035",
    journal = "JHEP",
    volume = "07",
    pages = "035",
    year = "2014"
}

@article{MengXL:2018,
author = {Xiao-Li Meng},
title = {\protect{Statistical paradises and paradoxes in big data (I): Law of large populations, big data paradox, and the 2016 US presidential election}},
volume = {12},
journal = {The Annals of Applied Statistics},
number = {2},
publisher = {Institute of Mathematical Statistics},
pages = {685},
keywords = {Bias-variance tradeoff, data confidentiality and privacy, data defect correlation, data defect index (d.d.i.), data quality-quantity tradeoff, Euler identity, Monte Carlo and Quasi Monte Carlo (MCQMC), non-response bias},
year = {2018},
doi = {10.1214/18-AOAS1161SF},
}

@Article{BradleyMeng:2021a,
  author =       {Bradley, V.C. and Kuriwaki, S. and Isakov, M. and others},
  title =        {\protect{Unrepresentative big surveys significantly overestimated US vaccine uptake}},
  journal =      {Nature},
  year =         {2021},
  volume =    {600},
  doi   = {10.1038/s41586-021-04198-4},
  OPTnumber =    {},
  pages =     {695},
  OPTmonth =     {},
  OPTnote =      {},
  OPTannote =    {}
}

@InCollection{Hickernell:2018a,
  author =       {Hickernell, Fred J.},
  title =        {\protect{The trio identity for Quasi-Monte Carlo error}},
  booktitle =    {Monte Carlo and Quasi-Monte Carlo Methods (MCQMC 2016)},
  OPTcrossref =  {},
  OPTkey =       {},
  publisher = {Springer Proceedings in Mathematics \& Statistics},
  eprint = "1702.01487 [math.NA]",
  archivePrefix = "arXiv",
  year =      {2018},
  editor =    {Owen, Art B. and Glynn, Peter W.},
  volume =    {241},
  OPTnumber =    {},
  OPTseries =    {},
  OPTtype =      {},
  OPTchapter =   {},
  pages =     {3},
  OPTedition =   {},
  OPTmonth =     {},
  OPTaddress =   {},
  OPTnote =      {},
  OPTannote =    {}
}

@article{Sloan:1997a,
 ISSN = {00255718, 10886842},
 URL = {http://www.jstor.org/stable/2153761},
author = {Sloan, I. H. and  Wo\'zniakowski, H.},
 journal = {Mathematics of Computation},
 pages = {1119},
 publisher = {American Mathematical Society},
 title = {An intractability result for multiple integration},
 urldate = {2022-05-15},
 volume = {66},
 year = {1997}
}

@article{Sloan:1998b,
title = {\protect{When are Quasi-Monte Carlo algorithms efficient for high dimensional integrals?}},
journal = {Journal of Complexity},
volume = {14},
pages = {1},
year = {1998},
issn = {0885-064X},
doi = {https://doi.org/10.1006/jcom.1997.0463},
url = {https://www.sciencedirect.com/science/article/pii/S0885064X97904635},
author = {Sloan, I.~H. and Wo\'zniakowski, H.},
}

@article{Caflisch:1997ValuationOM,
  title={\protect{Valuation of mortgage-backed securities using Brownian bridges to reduce effective dimension}},
  author={Caflisch, Russel E. and Morokoff, William J.  and Owen, Art B.},
  journal={Journal of Computational Finance},
  year={1997},
  volume={1},
  pages={27}
}

@article{LiuOwen:2006,
 ISSN = {01621459},
 URL = {http://www.jstor.org/stable/27590729},
  author = {Liu, Ruixue  and Owen, Art B. },
 journal = {Journal of the American Statistical Association},
 pages = {712},
 publisher = {[American Statistical Association, Taylor & Francis, Ltd.]},
 title = {\protect{Estimating mean dimensionality of analysis of variance decompositions}},
 urldate = {2022-05-15},
 volume = {101},
 year = {2006}
}

@article{Amoroso:2022eow,
    author = "Amoroso, S. and others",
    title = "{Snowmass 2021 whitepaper: Proton structure at the precision frontier}",
    eprint = "2203.13923",
    archivePrefix = "arXiv",
    primaryClass = "hep-ph",
    reportNumber = "Edinburgh 2022/08, FERMILAB-PUB-22-222-QIS-SCD-T, MPP-2022-32,
  SLAC-PUB-17652, SMU-HEP-22-02, TIF-UNIMI-2022-6",
    month = "3",
    year = "2022"
}


@article{Cranmer:2021urp,
    author = "Cranmer, Kyle and others",
    title = "{Publishing statistical models: Getting the most out of particle physics experiments}",
    eprint = "2109.04981",
    archivePrefix = "arXiv",
    primaryClass = "hep-ph",
    doi = "10.21468/SciPostPhys.12.1.037",
    journal = "SciPost Phys.",
    volume = "12",
    number = "1",
    pages = "037",
    year = "2022"
}


@book{Bellman:1961,
author="Bellman, Richard",
year = "1961",
title = "Adaptive Control Processes. A Guided Tour",
publisher="Princeton University Press",
address="Princeton, NJ"
}

@book{Bishop:2006,
author="Bishop, Christopher M.",
year = "2006",
title = "\protect{Pattern recognition and machine learning ((Information Science and Statistics)}",
publisher="Springer-Verlag",
address="Berlin, Heidelberg"
}

@article{Courtoy:2022ocu,
    author = "Courtoy, Aurore and Huston, Joey and Nadolsky, Pavel and Xie, Keping and Yan, Mengshi and Yuan, C. -P.",
    title = "{Parton distributions need representative sampling}",
    eprint = "2205.10444",
    archivePrefix = "arXiv",
    primaryClass = "hep-ph",
    reportNumber = "MSUHEP-22-020, PITT-PACC-2210, SMU-HEP-22-03",
    doi = "10.1103/PhysRevD.107.034008",
    journal = "Phys. Rev. D",
    volume = "107",
    number = "3",
    pages = "034008",
    year = "2023"
}

@misc{CERNROOTWebsite,
      howpublished = "\protect{ROOT: an open-source data analysis framework}, \url{https://root.cern}"}


@article{Shanahan:2022ifi,
    author = "Shanahan, Phiala and others",
    title = "{Snowmass 2021 Computational Frontier CompF03 Topical Group Report: Machine Learning}",
    eprint = "2209.07559",
    archivePrefix = "arXiv",
    primaryClass = "physics.comp-ph",
    reportNumber = "FERMILAB-CONF-22-719-ND-PPD-QIS-SCD",
    year = "2022",
    note = "See Section 2 and references therein."
}

@inproceedings{Boyda:2022nmh,
    author = "Boyda, Denis and others",
    title = "{Applications of Machine Learning to Lattice Quantum Field Theory}",
    booktitle = "{2022 Snowmass Summer Study}",
    eprint = "2202.05838",
    archivePrefix = "arXiv",
    primaryClass = "hep-lat",
    reportNumber = "MIT-CTP/5405",
    month = "2",
    year = "2022"
}

@article{Castro:2022zpq,
    author = "Castro, N. and Cranmer, K. and Gritsan, A. V. and Howarth, J. and Magni, G. and Mimasu, K. and Rojo, J. and Roskes, J. and Vryonidou, E. and You, T.",
    title = "{LHC EFT WG Report: Experimental Measurements and Observables}",
    eprint = "2211.08353",
    archivePrefix = "arXiv",
    primaryClass = "hep-ph",
    reportNumber = "CERN-LHCEFTWG-2022-001, CERN-LPCC-2022-05",
    month = "11",
    year = "2022"
}

@inproceedings{deBlas:2022ofj,
    author = "de Blas, Jorge and Du, Yong and Grojean, Christophe and Gu, Jiayin and Miralles, Victor and Peskin, Michael E. and Tian, Junping and Vos, Marcel and Vryonidou, Eleni",
    title = "{Global SMEFT Fits at Future Colliders}",
    booktitle = "{2022 Snowmass Summer Study}",
    eprint = "2206.08326",
    archivePrefix = "arXiv",
    primaryClass = "hep-ph",
    month = "6",
    year = "2022"
}

@book{Lemieux:2009,
author="Christiane Lemieux",
title="Monte Carlo and Quasi-Monte Carlo Sampling",
year="2009",
publisher="Springer New York",
doi="https://doi.org/10.1007/978-0-387-78165-5"
}

@article{Hickernell:2000,
author="Hickernell, F.J. and Wo≈∫niakowski, H.",
year="2000",
title="Integration and approximation in arbitrary dimensions",
journal="Advances in Computational Mathematics",
pages="25",
volume="12",
issue="1",
doi="https://doi.org/10.1023/A:1018948631251"
}

@misc{ChoiHickernell:2021,
  doi = {10.48550/ARXIV.2102.07833},
  
  url = {https://arxiv.org/abs/2102.07833},
  
  
  keywords = {Mathematical Software (cs.MS), Numerical Analysis (math.NA), FOS: Computer and information sciences, FOS: Computer and information sciences, FOS: Mathematics, FOS: Mathematics},
  
  
  publisher = {arXiv},
  year = {2021}
}

@InCollection{Hickernell:2020a,
  author = {Choi, Sou-Cheng T. and Hickernell, Fred J. and Jagadeeswaran, R. and McCourt, Michael J. and Sorokin, Aleksei G.},
  title = {\protect{Quasi-Monte Carlo software}},
  booktitle =    {Monte Carlo and Quasi-Monte Carlo Methods (MCQMC 2020)},
  publisher = {Springer Proceedings in Mathematics \& Statistics},
  eprint = "2102.07833 [cs.MS]",
  archivePrefix = "arXiv",
  year =      {2021},
  editor =    {Alexander Keller},
  volume =    {241},
  OPTnumber =    {},
  OPTseries =    {},
  OPTtype =      {},
  OPTchapter =   {},
  pages =     {23},
  OPTedition =   {},
  OPTmonth =     {},
  OPTaddress =   {},
  OPTnote =      {},
  OPTannote =    {}
}

@InCollection{LEcuyer:2020a,
  author = {Pierre L‚ÄôEcuyer and Florian Puchhammer},
  title = {\protect{Density estimation by Monte Carlo
and Quasi-Monte Carlo}},
  booktitle =    {Monte Carlo and Quasi-Monte Carlo Methods (MCQMC 2020)},
  publisher = {Springer Proceedings in Mathematics \& Statistics},
  eprint = "2103.15976 [stat.CO]",
  archivePrefix = "arXiv",
  year =      {2021},
  editor =    {Alexander Keller},
  volume =    {241},
  OPTnumber =    {},
  OPTseries =    {},
  OPTtype =      {},
  OPTchapter =   {},
  pages =     {3},
  OPTedition =   {},
  OPTmonth =     {},
  OPTaddress =   {},
  OPTnote =      {},
  OPTannote =    {}
}

